@misc{ave-1,
  author       = {内田誠一},
  title        = {2-1-2. データの分布と代表値},
  year         = {2020},
  howpublished = {\url{https://mi.u-tokyo.ac.jp/consortium/pdf/2-1-2.pdf}},
  note         = {アクセス日: 2025-10-28}
}
@misc{ave-2,
  author       = {内田誠一},
  title        = {2-1-3. 代表値の性質の違い},
  year         = {2020},
  howpublished = {\url{https://mi.u-tokyo.ac.jp/consortium/pdf/2-1-3.pdf}},
  note         = {アクセス日: 2025-10-28}
}
@misc{ave-3,
  author       = {高校数学の美しい物語},
  title        = {平均値，中央値，最頻値の求め方といくつかの例},
  year         = {2023},
  howpublished = {\url{https://manabitimes.jp/math/985}},
  note         = {アクセス日: 2025-10-28}
}