@book{Lang:alg,
  author    = {Lang, Serge},
  title     = {Algebra},
  series    = {Graduate Texts in Mathematics},
  volume    = {211},
  edition   = {Third},
  publisher = {Springer-Verlag, New York},
  year      = {2002},
}
@book{Rudin:RCA,
  author    = {Rudin, Walter},
  title     = {Real and complex analysis},
  edition   = {Third},
  publisher = {McGraw-Hill Book Co., New York},
  year      = {1987},
}